@Article{leontis1,
  author = 	 {Leontis B. Neocles and Stombaugh Jesse and Westhof Eric},
  title = 	 {The non-Watson-Crick base pairs and their associated isostericity matrices},
  journal = 	 {Nucl. Ac. Res.},
  year = 	 {2002},
  OPTkey = 	 {},
  volume = 	 {30},
  number = 	 {16},
  pages = 	 {3497-3531},
  OPTmonth = 	 {},
  OPTnote = 	 {},
  OPTannote = 	 {}
}
@Book{saenger,
  author = 	 {Wolfram Saenger},
  editor = 	 {Charles R. Cantor},
  title = 	 {Principles of Nucleic Acid Structure},
  publisher = 	 {Springer-Verlag},
  year = 	 {1984},
  address =      {London},
}
@Article{lu1,
  author = 	 {X-J Lu and W. K. Olson},
  title = 	 {Resolving the discrepancies among nucleic acid conformation analyses.},
  journal = 	 {J. Mol. Biol.},
  year = 	 {1999},
  volume = 	 {285},
  pages = 	 {1563-1575},
}
@Article{lu2,
  author = 	 {X-J Lu and M. S. Babcock and W. K. Olson},
  title = 	 {Mathematical overview of nucleic acid analysis programs},
  journal = 	 {J. Biomol. Struct. Dynam.},
  year = 	 {1999},
  volume = 	 {16},
  pages = 	 {833-843},
}
@Article{olson1,
  author = 	 {W. K. Olson and M. Bansal and S. K. Burley and R. E. Dickerson and et al},
  title = 	 {A standard reference frame for the description of nucleic acid base-pair geometry},
  journal = 	 {J. Mol. Biol.},
  year = 	 {2001},
  volume = 	 {313},
  pages = 	 {229-237},
}
@Article{sponer1,
  author = 	 {J. Sponer and J. Leszcynski and P. Hobza},
  title = 	 {Electronic Properties, Hydrogen Bonding, Stacking, and Cation Binding of DNA and RNA bases},
  journal = 	 {Biopolymers},
  year = 	 {2002},
  volume = 	 {61},
  pages = 	 {3-31},
}
@Article{lu3,
  author = 	 {X-J Lu and W. K. Olson},
  title = 	 {3DNA: a software package for the analysis, rebuilding and visualization of three-dimensional nucleic acid structures},
  journal = 	 {Nucl. Acid. Res.},
  year = 	 {2003},
  volume = 	 {31},
  pages = 	 {5108-5121},
}
@Article{bashan,
  author = 	 {A. Bashan and I. Agmon and R. Zarivatch and F. Schluenzen and J. M. Harms},
  title = 	 {Structural basis of the ribosomal machinery for peptide bond formation, translocation and nascent chain progression},
  journal = 	 {Mol. Cell},
  year = 	 {2003},
  volume = 	 {11},
  pages = 	 {91},
}

@Article{miyazawa,
  author = 	 {Tatsuo Miyazawa},
  title = 	 {Molecular Vibrations and Structure of High Polymers II.},
  journal = 	 {J. Pol. Sci.},
  year = 	 {1961},
  volume = 	 {55},
  pages = 	 {215-231},
}
@Article{olson2,
  author = 	 {Wilma Olson},
  title = 	 {The Spatial Configuration of Ordered Polynucleotide Chains.  I. Helix Formation and Base Stacking},
  journal = 	 {Biopolymers},
  year = 	 {1976},
  volume = 	 {15},
  pages = 	 {859-878},
}
@Article{schneider,
  author = 	 {B. Schneider and Z. Moravek and H. M. Berman},
  title = 	 {RNA conformational classes},
  journal = 	 {Nucleic Acids Research},
  year = 	 {2004},
  volume = 	 {32},
  number = 	 {5},
  pages = 	 {1666-1677},
}
@Article{steitz,
  author = 	 {N. Ban and P. Nissen and P. B. Moore and T. A. Steitz},
  title = 	 {The Complete Atomic Structure of the Large Ribosomal Subunit at 2.4 A Resolution},
  journal = 	 {science},
  year = 	 {2000},
  volume = 	 {289},
  pages = 	 {905-920},
}
@Article{eisen,
  author = 	 {M. Eisen and et al},
  title =        {Cluster analysis and display of genome-wide expression patterns},
  journal = 	 {PNAS},
  year = 	 {1998},
  volume = 	 {95},
  pages = 	 {14863-14868},
}
@Article{R,
  author = 	 {http://www.r-project.org/},
  journal = 	 {R project},
  OPTnote = 	 {},
  OPTkey = 	 {},
  OPTmonth = 	 {},
  OPTyear = 	 {},
  OPTannote = 	 {}
}

