@BOOK{griffiths,
   author = {David J. Griffiths},
   title = {Introduction to Electrodynamics},
   publisher = {John Wiley},
   year = {1999},
}
@BOOK{boas,
   author = {Mary L. Boas},
   title = {Mathematical Methods in the Physical Sciences},
   year = {1991},
}
@BOOK{szabo,
   author = {Attila Szabo and Neil S. Ostlund},
   title = {Modern Quantum Chemistry},
   publisher = {Dover Books},
   year = {1996},
}
@BOOK{cook,
   author = {D. B. Cook},
   title = {Ab Initio Valence Calculations in Chemistry},
   publisher = {Butterworths},
   year = {1974},
}
@ARTICLE{chondrite,
   author = {Schombert},
   title = {Carbonaceous Chondrite},
   journal = {http://zebu.oregon.edu/\~js/glossary/carbonaceous\_chondrite.html},
   year = {1997},
   abstract = {Carbonaceous Chondrite Definition},
   keywords = {chondrites; chondrite},
   url = {http://zebu.uoregon.edu/~js/glossary/carbonaceous_chondrite.html},
}
@ARTICLE{ehrenfreund1,
   author = {P. Ehrenfreund et al},
   title = {Extraterrestrial Aminoacids in Orgueil and Ivuna: Tracing the parent body of CI type carbonaceous chondrites},
   journal = {pnas},
   year = {1998},
   volume = {98},
   pages = {2138-2141},
}
@ARTICLE{kragh,
   author = {H. Kragh},
   title = {The Chemistry of the Universe: Historical Roots of Modern Cosmochemistry},
   journal = {Annals of Science},
   year = {2000},
   volume = {57},
   pages = {353-368},
}
@Article{arnau,
  author =   {Arnau A. Tuñon I. Silla E.},
  title =    {The Discovery of Chemistry Among the Stars},
  journal =      {J. Chem. Ed.},
  year =     {1995},
  volume =   {72},
  pages =    {776-781},
}
@InBook{asimov,
  author =   {Asimov Isaac},
  title =    {Asimov's Chronology of Science \& Discovery},
  publisher =    {Harper Collins Publisher},
  year =     {1994},
  edition =      {1},
  pages =    {707},
}
@Article{carbo,
  author =   {Carbó R. Ginebreda A.},
  title =    {Interstellar Chemistry},
  journal =      {J. Chem. Ed.},
  year =     {1985},
  volume =   {62},
  number =   {10},
  pages =    {832-836},
}
@Article{cheung1,
  author =   {Cheung A. C. Rank D. M. Townes C. H. Thornton D. D. Welch W. J.},
  OPTtitle =     {},
  journal =      {Nature},
  year =     {1969},
  volume =   {221},
  pages =    {621-626},
}
@Article{cheung2,
  author =   {Cheung A. C. Rank D. M. Townes C. H. Thornton D. D. Welch W. J},
  OPTtitle =     {},
  journal =      {Phys. Rev.},
  year =     {1968},
  volume =   {21},
  pages =    {1701-1705},
}
@Article{swings,
  author =   {Swings P. Rosenfeld L.},
  OPTtitle =     {},
  journal =      {Ap. J.},
  year =     {1937},
  volume =   {86},
  pages =    {483},
}
@Article{weinreb,
  author =   {Weinreb S. Barret A. H. Meeks M. L. Henry J. C.},
  OPTtitle =     {},
  journal =      {Nature},
  year =     {1963},
  volume =   {200},
  pages =    {829},
}
@Article{herbst1,
  author =   {Herbst Eric},
  title =    {Chemistry in the Interstellar Medium},
  journal =      {Annu. Rev. Phys. Chem.},
  year =     {1995},
  volume =   {46},
  pages =    {27-53},
}
@Article{herbst2,
  author =   {Herbst E.},
  title =    {The Chemistry of Interstellar Space},
  journal =      {Chem. Soc. Rev.},
  year =     {2001},
  volume =   {30},
  pages =    {168-176},
}

@Article{watson,
  author =       {Watson W. D.},
  title =        {Interstellar Molecule Reactions},
  journal =      {Rev. Mod. Phys},
  year =         {1976},
  volume =       {48},
  number =       {4},
  pages =        {513-552},
}
@Article{landy,
  author =   {Landy D. Stephen},
  title =    {Mapping the Universe},
  journal =      {Sci. Am.},
  year =     {1999},
  pages =    {38-45},
  month =    {June},
}
@Article{reynolds,
  author =   {Reynolds J. Ronald},
  title =    {The Gas between the Stars},
  journal =      {Sci. Am.},
  year =     {2002},
  pages =    {34-43},
  month =    {January},
}
@InBook{greenberg1,
  author =   {Greenberg M., Mendoza-Gomez C.},
  title =    {The Chemistry of Life's Origins},
  chapter =      {Interstellar Dust Evolution: A Reservoir of Prebiotic Molecules},
  publisher =    {Kluwer Academic Publishers},
  year =     {1993},
  pages =    {1-32},
}
@Article{leontis1,
  author = 	 {Leontis B. Neocles., Stombaugh Jesse., Westhof Eric},
  title = 	 {The non-Watson-Crick base pairs and their associated isostericity matrices},
  journal = 	 {Nucl. Ac. Res.},
  year = 	 {2002},
  OPTkey = 	 {},
  volume = 	 {30},
  number = 	 {16},
  pages = 	 {3497-3531},
  OPTmonth = 	 {},
  OPTnote = 	 {},
  OPTannote = 	 {}
}

